@Book{Randal2012,
  author = 	 {Randal W. Beard, Timothy W. McClain},
  title = 	 {fixed wing book},
  booktitle = 	 {Small Unmanned Aircraft},
  publisher = {Princeton},
  year = 	 {2012},
}
